<?xml version="1.0" encoding="UTF-8"?>
<collection xmlns:xsi="http://www.w3.org/2001/XMLSchema-instance" xsi:schemaLocation="http://www.loc.gov/MARC21/slim http://www.loc.gov/standards/marcxml/schema/MARC21slim.xsd" xmlns="http://www.loc.gov/MARC21/slim">
<record>
  <leader>01391cam a2200325 a 4500</leader>
  <controlfield tag="001">618064</controlfield>
  <controlfield tag="003">NNC</controlfield>
  <controlfield tag="005">20130520211926.0</controlfield>
  <controlfield tag="008">871217m19839999ir       b    000 0 ara d</controlfield>
  <datafield tag="035" ind1=" " ind2=" ">
    <subfield code="a">(OCoLC)19363118</subfield>
  </datafield>
  <datafield tag="035" ind1=" " ind2=" ">
    <subfield code="a">(OCoLC)ocm19363118</subfield>
  </datafield>
  <datafield tag="035" ind1=" " ind2=" ">
    <subfield code="a">(CStRLIN)NYCG87-B97983</subfield>
  </datafield>
  <datafield tag="035" ind1=" " ind2=" ">
    <subfield code="9">ACS3614CU</subfield>
  </datafield>
  <datafield tag="035" ind1=" " ind2=" ">
    <subfield code="a">(NNC)618064</subfield>
  </datafield>
  <datafield tag="035" ind1=" " ind2=" ">
    <subfield code="a">618064</subfield>
  </datafield>
  <datafield tag="040" ind1=" " ind2=" ">
    <subfield code="a">NjP</subfield>
    <subfield code="c">NjP</subfield>
    <subfield code="d">NNC</subfield>
  </datafield>
  <datafield tag="041" ind1="1" ind2=" ">
    <subfield code="a">ara</subfield>
    <subfield code="h">per</subfield>
  </datafield>
  <datafield tag="090" ind1=" " ind2=" ">
    <subfield code="a">BP166.94</subfield>
    <subfield code="b">.L342512 1983</subfield>
  </datafield>
  <datafield tag="100" ind1="1" ind2=" ">
    <subfield code="a">Laknawī, Ḥāmid Ḥusayn al-Mūsawī,</subfield>
    <subfield code="d">1830 or 1831-1888 or 1889.</subfield>
  </datafield>
  <datafield tag="240" ind1="1" ind2="0">
    <subfield code="a">ʻAbaqāt al-anwār fī imāmat al-aʼimmah al-aṭhār.</subfield>
    <subfield code="k">Selections.</subfield>
    <subfield code="l">Arabic</subfield>
  </datafield>
  <datafield tag="245" ind1="1" ind2="0">
    <subfield code="a">Khulāṣat ʻAbaqāt al-anwār fī imāmat al-aʾimmah al-aṭhār /</subfield>
    <subfield code="c">bi-qalam ʻAlī al-Ḥusaynī al-Mīlānī.</subfield>
  </datafield>
  <datafield tag="260" ind1=" " ind2=" ">
    <subfield code="a">Ṭahrān :</subfield>
    <subfield code="b">Muʾassasat al-Biʻthah, Qism al-Dirāsāt al-Islāmīyah,</subfield>
    <subfield code="c">1404-     [1983 or 1984-    ]</subfield>
  </datafield>
  <datafield tag="300" ind1=" " ind2=" ">
    <subfield code="a">v. ;</subfield>
    <subfield code="c">25 cm.</subfield>
  </datafield>
  <datafield tag="505" ind1="1" ind2=" ">
    <subfield code="a">1-3. Ḥadīth al-thaqalayn -- 4. Ḥadīth al-safīnah -- 5. Ḥadīth al-nūr -- 6-9.  Ḥadīth al-ghaḍīr.</subfield>
  </datafield>
  <datafield tag="500" ind1=" " ind2=" ">
    <subfield code="a">Vol. 6 has cover title: ʻAbaqāt al-anwār fī imāmat al-aʾimmah al-aṭhār.</subfield>
  </datafield>
  <datafield tag="504" ind1=" " ind2=" ">
    <subfield code="a">Includes bibliographic references.</subfield>
  </datafield>
  <datafield tag="500" ind1=" " ind2=" ">
    <subfield code="a">Vols. 6-  : 1st ed.</subfield>
  </datafield>
  <datafield tag="650" ind1=" " ind2="0">
    <subfield code="a">Imamate.</subfield>
  </datafield>
  <datafield tag="700" ind1="1" ind2=" ">
    <subfield code="a">Mīlānī, ʻAlī al-Ḥusaynī.</subfield>
  </datafield>
  <datafield tag="740" ind1="0" ind2="1">
    <subfield code="a">ʻAbaqāt al-anwār fī imāmat al-aʾimmah al-aṭhār.</subfield>
  </datafield>
  <datafield tag="955" ind1=" " ind2=" ">
    <subfield code="b">0036759198</subfield>
    <subfield code="d">glx</subfield>
    <subfield code="e">BP166.94 .L342512 1983</subfield>
    <subfield code="v">v.7</subfield>
  </datafield>
</record>
</collection>